@online{CUDABestPractices,
  type = {concept},
  title = {{{CUDA C}}++ {{Best Practices Guide}}},
  url = {https://docs.nvidia.com/cuda/cuda-c-best-practices-guide/index.html},
  urldate = {2022-11-09},
  abstract = {The programming guide to using the CUDA Toolkit to obtain the best performance from NVIDIA GPUs.},
  langid = {american},
  file = {C\:\\Users\\joana\\Zotero\\storage\\Y47XAQA5\\index.html}
}

@online{SolvingHeatEquation,
  title = {Solving Heat Equation with {{CUDA}} â€” {{OpenACC}}/{{CUDA}} for Beginners},
  url = {https://enccs.github.io/OpenACC-CUDA-beginners/2.02_cuda-heat-equation/?utm_source=pocket_saves},
  urldate = {2022-11-09}
}

