@online{CUDABestPractices,
  type = {concept},
  title = {{{CUDA C}}++ {{Best Practices Guide}}},
  url = {https://docs.nvidia.com/cuda/cuda-c-best-practices-guide/index.html},
  urldate = {2022-11-09},
  abstract = {The programming guide to using the CUDA Toolkit to obtain the best performance from NVIDIA GPUs.},
  langid = {american},
  file = {C\:\\Users\\joana\\Zotero\\storage\\Y47XAQA5\\index.html}
}

@online{HowOverlapData2012,
  title = {How to {{Overlap Data Transfers}} in {{CUDA C}}/{{C}}++},
  date = {2012-12-14T02:24+00:00},
  url = {https://developer.nvidia.com/blog/how-overlap-data-transfers-cuda-cc/},
  urldate = {2022-11-13},
  abstract = {In our last CUDA C/C++ post we discussed how to transfer data efficiently between the host and device. In this post, we discuss how to overlap data transfers with computation on the hos},
  langid = {american},
  organization = {{NVIDIA Technical Blog}},
  file = {C\:\\Users\\joana\\Zotero\\storage\\DT47TMB7\\how-overlap-data-transfers-cuda-cc.html}
}

@online{SolvingHeatEquation,
  title = {Solving Heat Equation with {{CUDA}} â€” {{OpenACC}}/{{CUDA}} for Beginners},
  url = {https://enccs.github.io/OpenACC-CUDA-beginners/2.02_cuda-heat-equation/?utm_source=pocket_saves},
  urldate = {2022-11-09}
}
